<?xml version="1.0" encoding="UTF-8"?>
<record xmlns="http://www.loc.gov/MARC21/slim" xmlns:zs="http://docs.oasis-open.org/ns/search-ws/sruResponse">
 <leader>
  03583cicaa22005897i 4500
 </leader>
 <controlfield tag="001">
  19234585
 </controlfield>
 <controlfield tag="005">
  20200909085343.0
 </controlfield>
 <controlfield tag="007">
  ss |mnjl|||n|e
 </controlfield>
 <controlfield tag="008">
  160817i20032009xx nn          t    eng
 </controlfield>
 <datafield ind1=" " ind2=" " tag="906">
  <subfield code="a">
   7
  </subfield>
  <subfield code="b">
   cbc
  </subfield>
  <subfield code="c">
   orignew
  </subfield>
  <subfield code="d">
   u
  </subfield>
  <subfield code="e">
   ncip
  </subfield>
  <subfield code="f">
   20
  </subfield>
  <subfield code="g">
   y-folklife
  </subfield>
 </datafield>
 <datafield ind1=" " ind2=" " tag="955">
  <subfield code="a">
   mkru 2016-08-17
  </subfield>
  <subfield code="a">
   mseg 2016-08-19
  </subfield>
  <subfield code="a">
   masmit 2020-09-09
  </subfield>
 </datafield>
 <datafield ind1="2" ind2="0" tag="033">
  <subfield code="a">
   2003----
  </subfield>
  <subfield code="a">
   2009----
  </subfield>
 </datafield>
 <datafield ind1=" " ind2=" " tag="010">
  <subfield code="a">
   2016655296
  </subfield>
 </datafield>
 <datafield ind1=" " ind2=" " tag="040">
  <subfield code="a">
   DLC
  </subfield>
  <subfield code="c">
   DLC
  </subfield>
  <subfield code="e">
   dacs
  </subfield>
  <subfield code="d">
   DLC
  </subfield>
 </datafield>
 <datafield ind1="0" ind2=" " tag="041">
  <subfield code="d">
   eng
  </subfield>
  <subfield code="d">
   spa
  </subfield>
 </datafield>
 <datafield ind1=" " ind2=" " tag="043">
  <subfield code="a">
   n-us-tx
  </subfield>
  <subfield code="a">
   nwpr---
  </subfield>
  <subfield code="a">
   n-usc--
  </subfield>
 </datafield>
 <datafield ind1=" " ind2=" " tag="090">
  <subfield code="a">
   RYP 4364-4407
  </subfield>
 </datafield>
 <datafield ind1=" " ind2=" " tag="090">
  <subfield code="a">
   AFC 2016/042
  </subfield>
 </datafield>
 <datafield ind1="0" ind2="0" tag="245">
  <subfield code="a">
   Felipe Hinojosa collection of interviews with Latino Mennonites.
  </subfield>
 </datafield>
 <datafield ind1=" " ind2=" " tag="260">
  <subfield code="c">
   2003-2009.
  </subfield>
 </datafield>
 <datafield ind1=" " ind2=" " tag="300">
  <subfield code="a">
   44 sound cassettes :
  </subfield>
  <subfield code="b">
   analog
  </subfield>
 </datafield>
 <datafield ind1="0" ind2=" " tag="511">
  <subfield code="a">
   Various interviewees include Samuel Hernandez, Ruperto "Tito" Guedea, Enrique Ortiz, Hector Lugo, Jose Enrique Jimenez, Gracie Torres, Neftali Torres, Lupe DeLeón, Seferina DeLeón, John Powell, Paul Conrad and Ann Conrad, Ted Chapa, Jesus "Chuy" Navarro, John Ventura, Jose Ortiz, Alfredo Tagle, Ricardo Peña and Yolanda Villarea, Rosario Vallejo and Perfecta DeLeón, Rolando Mireles, and others.
  </subfield>
 </datafield>
 <datafield ind1=" " ind2=" " tag="520">
  <subfield code="a">
   Collection of field recordings of approximately 85 hours of oral history interviews with about 20 Latino Mennonites in South Texas, Puerto Rico, Kansas, and Indiana. Topics of the interviews include religious and ethnic community formation; the politics of cultural, religious, and ethnic identity; civil rights and social justice; and interactions between evangelical and mainstream religious groups.
  </subfield>
 </datafield>
 <datafield ind1="8" ind2=" " tag="524">
  <subfield code="a">
   Felipe Hinojosa collection of interviews with Latino Mennonites (AFC 2016/042), Archive of Folk Culture, American Folklife Center, Library of Congress, Washington, D.C.
  </subfield>
 </datafield>
 <datafield ind1="0" ind2=" " tag="506">
  <subfield code="a">
   Collection is open for research. Access to recordings may be restricted. To request materials, please contact the Folklife Reading Room at
  </subfield>
  <subfield code="u">
   http://hdl.loc.gov/loc.afc/folklife.contact
  </subfield>
 </datafield>
 <datafield ind1=" " ind2=" " tag="540">
  <subfield code="a">
   Duplication of sound recordings may be governed by copyright and other restrictions.
  </subfield>
 </datafield>
 <datafield ind1=" " ind2=" " tag="541">
  <subfield code="a">
   Felipe Hinojosa;
  </subfield>
  <subfield code="c">
   Donation;
  </subfield>
  <subfield code="d">
   2016.
  </subfield>
 </datafield>
 <datafield ind1=" " ind2=" " tag="546">
  <subfield code="a">
   In English and Spanish.
  </subfield>
 </datafield>
 <datafield ind1="0" ind2=" " tag="555">
  <subfield code="a">
   Finding aid is available online
  </subfield>
  <subfield code="u">
   https://hdl.loc.gov/loc.afc/eadafc.af020007
  </subfield>
 </datafield>
 <datafield ind1=" " ind2=" " tag="581">
  <subfield code="a">
   Published in: Hinojosa, Felipe. Latino Mennonites: Civil Rights, Faith, and Evangelical Culture (Baltimore: Johns Hopkins University Press, 2014)
  </subfield>
 </datafield>
 <datafield ind1=" " ind2="0" tag="650">
  <subfield code="a">
   Hispanic American Mennonites
  </subfield>
  <subfield code="v">
   Interviews.
  </subfield>
 </datafield>
 <datafield ind1=" " ind2="0" tag="650">
  <subfield code="a">
   Hispanic American Mennonites
  </subfield>
  <subfield code="x">
   History
  </subfield>
  <subfield code="y">
   20th century.
  </subfield>
 </datafield>
 <datafield ind1=" " ind2="0" tag="650">
  <subfield code="a">
   Hispanic American Mennonites
  </subfield>
  <subfield code="x">
   Civil rights
  </subfield>
  <subfield code="x">
   Religious aspects.
  </subfield>
 </datafield>
 <datafield ind1=" " ind2="0" tag="650">
  <subfield code="a">
   Hispanic American Mennonites
  </subfield>
  <subfield code="z">
   Texas.
  </subfield>
 </datafield>
 <datafield ind1=" " ind2="0" tag="650">
  <subfield code="a">
   Hispanic American Mennonites
  </subfield>
  <subfield code="z">
   Puerto Rico.
  </subfield>
 </datafield>
 <datafield ind1=" " ind2="0" tag="650">
  <subfield code="a">
   Hispanic American Mennonites
  </subfield>
  <subfield code="z">
   Kansas.
  </subfield>
 </datafield>
 <datafield ind1=" " ind2="0" tag="650">
  <subfield code="a">
   Hispanic American Mennonites
  </subfield>
  <subfield code="z">
   Indiana.
  </subfield>
 </datafield>
 <datafield ind1=" " ind2="0" tag="650">
  <subfield code="a">
   Hispanic Americans
  </subfield>
  <subfield code="x">
   Social conditions.
  </subfield>
 </datafield>
 <datafield ind1=" " ind2="0" tag="650">
  <subfield code="a">
   Hispanic Americans
  </subfield>
  <subfield code="x">
   Civil rights.
  </subfield>
 </datafield>
 <datafield ind1=" " ind2="0" tag="650">
  <subfield code="a">
   Race relations
  </subfield>
  <subfield code="x">
   Religious aspects
  </subfield>
  <subfield code="x">
   Mennonites.
  </subfield>
 </datafield>
 <datafield ind1=" " ind2="0" tag="651">
  <subfield code="a">
   Texas,
  </subfield>
  <subfield code="e">
   event place.
  </subfield>
 </datafield>
 <datafield ind1=" " ind2="0" tag="651">
  <subfield code="a">
   Puerto Rico,
  </subfield>
  <subfield code="e">
   event place.
  </subfield>
 </datafield>
 <datafield ind1=" " ind2="0" tag="651">
  <subfield code="a">
   Middle West,
  </subfield>
  <subfield code="e">
   event place.
  </subfield>
 </datafield>
 <datafield ind1=" " ind2="7" tag="655">
  <subfield code="a">
   Oral histories.
  </subfield>
  <subfield code="2">
   lcgft
  </subfield>
 </datafield>
 <datafield ind1=" " ind2="7" tag="655">
  <subfield code="a">
   Interviews.
  </subfield>
  <subfield code="2">
   lcgft
  </subfield>
 </datafield>
 <datafield ind1=" " ind2="7" tag="655">
  <subfield code="a">
   Sound recordings.
  </subfield>
  <subfield code="2">
   lcgft
  </subfield>
 </datafield>
 <datafield ind1=" " ind2="7" tag="655">
  <subfield code="a">
   Field recordings.
  </subfield>
  <subfield code="2">
   lcgft
  </subfield>
 </datafield>
 <datafield ind1="1" ind2=" " tag="700">
  <subfield code="a">
   Hinojosa, Felipe,
  </subfield>
  <subfield code="d">
   1977-
  </subfield>
  <subfield code="e">
   collector,
  </subfield>
  <subfield code="e">
   interviewer.
  </subfield>
 </datafield>
 <datafield ind1=" " ind2=" " tag="852">
  <subfield code="a">
   Library of Congress
  </subfield>
  <subfield code="b">
   Archive of Folk Culture, American Folklife Center,
  </subfield>
  <subfield code="e">
   101 Independence Ave. S.E., Washington, DC USA 20540-4610
  </subfield>
  <subfield code="u">
   http://hdl.loc.gov/loc.afc/folklife.home
  </subfield>
 </datafield>
 <datafield ind1="4" ind2="2" tag="856">
  <subfield code="3">
   Finding aid
  </subfield>
  <subfield code="u">
   https://hdl.loc.gov/loc.afc/eadafc.af020007
  </subfield>
 </datafield>
 <datafield ind1=" " ind2=" " tag="985">
  <subfield code="a">
   afc/coll
  </subfield>
 </datafield>
 <datafield ind1=" " ind2=" " tag="985">
  <subfield code="a">
   afc/ead
  </subfield>
 </datafield>
</record>
